@report{presentation,
	author={Maria Björklund and Ulf Paulsson},
	title={Att göra en presentation},
	month={05},
	year={2003},
	note={version 2.6},
	location={Lund},
	publisher={Teknisk logistik, LTH},
	url={http://www.tlog.lth.se/fileadmin/tlog/Nyheter/AttG_F6raEnPresentation.pdf}
}